<?xml version="1.0" encoding="UTF-8"?><collection xmlns="http://www.loc.gov/MARC21/slim"><record><leader>00494nam--2200193-u-4500</leader><controlfield tag="001">000054971</controlfield><controlfield tag="002">20161230</controlfield><controlfield tag="005">20161230201051</controlfield><controlfield tag="008">120717s1000------------r-----000-0-rus-d</controlfield><datafield ind1=" " ind2=" " tag="040"><subfield code="a">IFIN-HH</subfield></datafield><datafield ind1=" " ind2=" " tag="041"><subfield code="a">rus</subfield></datafield><datafield ind1=" " ind2=" " tag="080"><subfield code="a">539.196.5</subfield></datafield><datafield ind1="1" ind2=" " tag="100"><subfield code="a">Broude, V.L</subfield></datafield><datafield ind1="1" ind2="0" tag="245"><subfield code="a">Spektroskopia molekuliarnih eksitonov</subfield><subfield code="c">V.l. broude, e.i. rasba, e.f. seka</subfield></datafield><datafield ind1=" " ind2=" " tag="260"><subfield code="a">Moskva</subfield><subfield code="b">Energoizdat</subfield><subfield code="c">1981</subfield></datafield><datafield ind1=" " ind2=" " tag="300"><subfield code="a">248P</subfield></datafield><datafield ind1="1" ind2=" " tag="700"><subfield code="a">Seka, E.F</subfield></datafield><datafield ind1=" " ind2=" " tag="852"><subfield code="a">70001</subfield><subfield code="c">539.19</subfield></datafield><datafield ind1=" " ind2=" " tag="CAT"><subfield code="a">Sys</subfield><subfield code="c">20120717</subfield><subfield code="h">125005</subfield></datafield></record></collection>